@InCollection{avis,
    Author = {David {Avis}},
    Title = {{A revised implementation of the reverse search vertex enumeration algorithm.}},
    BookTitle = {{Polytopes - combinatorics and computation. DMV-seminar Oberwolfach, Germany, November 1997}},
    ISBN = {3-7643-6351-7},
    Pages = {177--198},
    Year = {2000},
    Publisher = {Basel: Birkh\"auser},
    Language = {English},
    MSC2010 = {68W05},
    Zbl = {0960.68171}
}

@Article{beck-sam-woods,
    Author = {Matthias {Beck} and Steven V. {Sam} and Kevin M. {Woods}},
    Title = {{Maximal periods of (Ehrhart) quasi-polynomials.}},
    FJournal = {{Journal of Combinatorial Theory. Series A}},
    Journal = {{J. Comb. Theory, Ser. A}},
    ISSN = {0097-3165},
    Volume = {115},
    Number = {3},
    Pages = {517--525},
    Year = {2008},
    Publisher = {Elsevier Science (Academic Press), San Diego, CA},
    Language = {English},
    DOI = {10.1016/j.jcta.2007.05.009},
    MSC2010 = {05A15 52B20},
    Zbl = {1152.05006}
}

@Article{beck-zaslavsky,
    Author = {Matthias {Beck} and Thomas {Zaslavsky}},
    Title = {{Inside-out polytopes.}},
    FJournal = {{Advances in Mathematics}},
    Journal = {{Adv. Math.}},
    ISSN = {0001-8708},
    Volume = {205},
    Number = {1},
    Pages = {134--162},
    Year = {2006},
    Publisher = {Elsevier Science (Academic Press), San Diego, CA},
    Language = {English},
    DOI = {10.1016/j.aim.2005.07.006},
    MSC2010 = {52B20 52C35 05A17 05B35 05C15 05C22 05C78 52C07},
    Zbl = {1107.52009}
}

@Article{bokowski-richter,
    Author = {J\"urgen {Bokowski} and J\"urgen {Richter}},
    Title = {{On the finding of final polynomials.}},
    FJournal = {{European Journal of Combinatorics}},
    Journal = {{Eur. J. Comb.}},
    ISSN = {0195-6698},
    Volume = {11},
    Number = {1},
    Pages = {21--34},
    Year = {1990},
    Publisher = {Elsevier Science (Academic Press), London},
    Language = {English},
    DOI = {10.1016/S0195-6698(13)80052-2},
    MSC2010 = {05B35},
    Zbl = {0693.05021}
}

@Article{develin-yu,
    Author = {Mike {Develin} and Josephine {Yu}},
    Title = {{Tropical polytopes and cellular resolutions.}},
    FJournal = {{Experimental Mathematics}},
    Journal = {{Exp. Math.}},
    ISSN = {1058-6458; 1944-950X/e},
    Volume = {16},
    Number = {3},
    Pages = {277--291},
    Year = {2007},
    Publisher = {Taylor \& Francis, Philadelphia, PA},
    Language = {English},
    DOI = {10.1080/10586458.2007.10129009},
    MSC2010 = {52A30 13D02},
    Zbl = {1134.52006}
}

@TechReport{donoho,
  author = 	 {Dave Donoho},
  title = 	 {Neighborly Polytopes and Sparse Solutions of Underdetermined Linear Equations},
  institution =  {Dep. Statist., Stanford Univ.},
  year = 	 2005,
  address = 	 {Stanford, CA}}

@InCollection{eppstein-ziegler-fat-4-polytopes,
    Author = {David {Eppstein} and Greg {Kuperberg} and G\"unter M. {Ziegler}},
    Title = {{Fat 4-polytopes and fatter 3-spheres.}},
    BookTitle = {{Discrete geometry. In honor of W. Kuperberg's 60th birthday}},
    ISBN = {0-8247-0968-3/hbk},
    Pages = {239--265},
    Year = {2003},
    Publisher = {New York, NY: Marcel Dekker},
    Language = {English},
    MSC2010 = {52B11},
    Zbl = {1045.52006}
}

@Article{friedman-graph-simple-polytope,
    Author = {Eric J. {Friedman}},
    Title = {{Finding a simple polytope from its graph in polynomial time.}},
    FJournal = {{Discrete \& Computational Geometry}},
    Journal = {{Discrete Comput. Geom.}},
    ISSN = {0179-5376; 1432-0444/e},
    Volume = {41},
    Number = {2},
    Pages = {249--256},
    Year = {2009},
    Publisher = {Springer-Verlag, New York, NY},
    Language = {English},
    DOI = {10.1007/s00454-008-9121-7},
    MSC2010 = {52B05 68Q17 90C57 90C20},
    Zbl = {1163.52004}
}

@InCollection{gebert-sturmfels-theobald,
    Author = {J\"urgen {Richter-Gebert} and Bernd {Sturmfels} and Thorsten {Theobald}},
    Title = {{First steps in tropical geometry.}},
    BookTitle = {{Idempotent mathematics and mathematical physics. Proceedings of the international workshop, Vienna, Austria, February 3--10, 2003}},
    ISBN = {0-8218-3538-6/pbk},
    Pages = {289--317},
    Year = {2005},
    Publisher = {Providence, RI: American Mathematical Society (AMS)},
    Language = {English},
    MSC2010 = {14P99 52B70 16Y60 12J10 14M25},
    Zbl = {1093.14080}
}
 
@Article{haase-schicho,
    Author = {Christian {Haase} and Josef {Schicho}},
    Title = {{Lattice polygons and the number $2i+7$.}},
    FJournal = {{American Mathematical Monthly}},
    Journal = {{Am. Math. Mon.}},
    ISSN = {0002-9890},
    Volume = {116},
    Number = {2},
    Pages = {151--165},
    Year = {2009},
    Publisher = {The Mathematical Association of America (MAA), Washington, DC},
    Language = {English},
    DOI = {10.4169/193009709X469913},
    MSC2010 = {14M25 52B20 05A15 97K20},
    Zbl = {1193.14066}
}

@Article{huber-rambau-santos,
    Author = {Birkett {Huber} and J\"org {Rambau} and Francisco {Santos}},
    Title = {{The Cayley trick, lifting subdivisions and the Bohne-Dress theorem on zonotopal tilings.}},
    FJournal = {{Journal of the European Mathematical Society (JEMS)}},
    Journal = {{J. Eur. Math. Soc. (JEMS)}},
    ISSN = {1435-9855; 1435-9863/e},
    Volume = {2},
    Number = {2},
    Pages = {179--198},
    Year = {2000},
    Publisher = {European Mathematical Society Publishing House, Z\"urich},
    Language = {English},
    DOI = {10.1007/s100970000018},
    MSC2010 = {52B11 52B20 14M25},
    Zbl = {0988.52017}
}

@InCollection{joswig,
    Author = {Michael {Joswig}},
    Title = {{Beneath-and-beyond revisited.}},
    BookTitle = {{Algebra, geometry, and software systems}},
    ISBN = {3-540-00256-1/hbk},
    Pages = {1--21},
    Year = {2003},
    Publisher = {Berlin: Springer},
    Language = {English},
    MSC2010 = {68U05},
    Zbl = {1027.68128}
}

@InCollection{klein,
    Author = {Felix {Klein}},
    Title = {{On the order-seven transformation of elliptic functions.}},
    BookTitle = {{The eightfold way. The beauty of Klein's quartic curve}},
    ISBN = {0-521-66066-1/hbk},
    Pages = {287--331},
    Year = {1999},
    Publisher = {Cambridge: Cambridge University Press},
    Language = {English},
    MSC2010 = {14H52 14H55},
    Zbl = {0972.14022}
}

@Article{oguey-duneau-katz,
    Author = {Christophe {Oguey} and Michel {Duneau} and Andr\'e {Katz}},
    Title = {{A geometrical approach of quasiperiodic tilings.}},
    FJournal = {{Communications in Mathematical Physics}},
    Journal = {{Commun. Math. Phys.}},
    ISSN = {0010-3616; 1432-0916/e},
    Volume = {118},
    Number = {1},
    Pages = {99--118},
    Year = {1988},
    Publisher = {Springer-Verlag, Berlin},
    Language = {English},
    DOI = {10.1007/BF01218479},
    MSC2010 = {52C17 82D25},
    Zbl = {0677.52006}
}

@Article{postnikov,
    Author = {Alexander {Postnikov}},
    Title = {{Permutohedra, associahedra, and beyond.}},
    FJournal = {{IMRN. International Mathematics Research Notices}},
    Journal = {{Int. Math. Res. Not.}},
    ISSN = {1073-7928; 1687-0247/e},
    Volume = {2009},
    Number = {6},
    Pages = {1026--1106},
    Year = {2009},
    Publisher = {Oxford University Press, Cary, NC},
    Language = {English},
    DOI = {10.1093/imrn/rnn153},
    MSC2010 = {52B20 52B11},
    Zbl = {1162.52007}
}

@Article{sanyal,
    Author = {Raman {Sanyal}},
    Title = {{Topological obstructions for vertex numbers of Minkowski sums.}},
    FJournal = {{Journal of Combinatorial Theory. Series A}},
    Journal = {{J. Comb. Theory, Ser. A}},
    ISSN = {0097-3165},
    Volume = {116},
    Number = {1},
    Pages = {168--179},
    Year = {2009},
    Publisher = {Elsevier Science (Academic Press), San Diego, CA},
    Language = {English},
    DOI = {10.1016/j.jcta.2008.05.009},
    MSC2010 = {52B05},
    Zbl = {1166.52011}
}

@Article{schwartz-ziegler,
    Author = {Alexander {Schwartz} and G\"unter M. {Ziegler}},
    Title = {{Construction techniques for cubical complexes, odd cubical 4-polytopes, and prescribed dual manifolds.}},
    FJournal = {{Experimental Mathematics}},
    Journal = {{Exp. Math.}},
    ISSN = {1058-6458; 1944-950X/e},
    Volume = {13},
    Number = {4},
    Pages = {385--413},
    Year = {2004},
    Publisher = {Taylor \& Francis, Philadelphia, PA},
    DOI = {10.1080/10586458.2004.10504548},
    MSC2010 = {52B12 52B11 52B05 57Q05},
    Zbl = {1110.52015}
}

@InProceedings{sottile,
  author = 	 {Gheorghe Craciun and Luis Garcia and Frank Sottile},
  title = 	 {Some geometrical aspects of control points for toric patches},
  booktitle = {Mathematical Methods for Curves and Surfaces},
  pages = 	 {111--135},
  year = 	 2010,
  volume = 	 5862,
  series = 	 {Lecture Notes in Computer Science}}

@InCollection{stanley,
    Author = {Richard P. {Stanley}},
    Title = {{A zonotope associated with graphical degree sequences.}},
    BookTitle = {{A dual forest algorithm for the assignment problem}},
    Pages = {555--570},
    Year = {1991},
    Publisher = {DIMACS},
    Language = {English},
    MSC2010 = {05C30 52Bxx},
    Zbl = {0737.05057}
}


@InProceedings{szabo-welzl,
  author = 	 {Tibor Szab\'o and Emo Welzl},
  title = 	 {Unique Sink Orientations of Cubes},
  booktitle = {Proc. 42nd Ann. IEEE Symp. on Foundations of Computer Science (FOCS)},
  pages = 	 {547--555},
  year = 	 {2001}
}

@Article{welzl,
    Author = {Emo {Welzl}},
    Title = {{Entering and leaving $j$-facets.}},
    FJournal = {{Discrete \& Computational Geometry}},
    Journal = {{Discrete Comput. Geom.}},
    ISSN = {0179-5376; 1432-0444/e},
    Volume = {25},
    Number = {3},
    Pages = {351--364},
    Year = {2001},
    Publisher = {Springer-Verlag, New York, NY},
    DOI = {10.1007/s004540010085},
    MSC2010 = {52B05},
    Zbl = {0982.52012}
}
